%% PPGCC - CCN - UFPI

%% This BibTeX bibliography file was created using BibDesk.
%% http://bibdesk.sourceforge.net/
%% Exemplo de arquivo .bib a ser utilizado para gerar a Biliografia

%% Quando for no Google Scholar, clique em bibtex na citação e copie o código pra colar aqui


@Misc{TORCS,
  author =    {Bernhard Wymann and Eric Espi\'e and Christophe Guionneau and Christos Dimitrakakis and R\'emi Coulom and Andrew Sumner},
  title =     {{TORCS}, The Open Racing Car Simulator, v1.3.5},
  howpublished = {\url{http://www.torcs.org}},
  year =      {2013}
}

@article{mexas2021,
  author  = {MÉXAS, Rodrigo Picinini},
  title   = { COMPARAÇÃO DO DESEMPENHO DE ALGORITMOS DE APRENDIZADO DE MÁQUINA POR REFORÇO E POR IMITAÇÃO NA SIMULAÇÃO DE VELEIROS AUTÔNOMOS },
  journal = {Universidade Federal Fluminense},
  year    = {2021}
}


@inproceedings{pmlr-v78-dosovitskiy17a,
  title     = {{CARLA}: {An} Open Urban Driving Simulator},
  author    = {Dosovitskiy, Alexey and Ros, German and Codevilla, Felipe and Lopez, Antonio and Koltun, Vladlen},
  booktitle = {Proceedings of the 1st Annual Conference on Robot Learning},
  pages     = {1--16},
  year      = {2017},
  editor    = {Levine, Sergey and Vanhoucke, Vincent and Goldberg, Ken},
  volume    = {78},
  series    = {Proceedings of Machine Learning Research},
  month     = {13--15 Nov},
  publisher = {PMLR},
  pdf       = {http://proceedings.mlr.press/v78/dosovitskiy17a/dosovitskiy17a.pdf},
  url       = {https://proceedings.mlr.press/v78/dosovitskiy17a.html},
  abstract  = {We introduce CARLA, an open-source simulator for autonomous driving research. CARLA has been developed from the ground up to support development, training, and validation of autonomous urban driving systems. In addition to open-source code and protocols, CARLA provides open digital assets (urban layouts, buildings, vehicles) that were created for this purpose and can be used freely. The simulation platform supports flexible specification of sensor suites and environmental conditions. We use CARLA to study the performance of three approaches to autonomous driving: a classic modular pipeline, an end-to-end model trained via imitation learning, and an end-to-end model trained via reinforcement learning. The approaches are evaluated in controlled scenarios of increasing difficulty, and their performance is examined via metrics provided by CARLA, illustrating the platform’s utility for autonomous driving research.}
}

@article{s21020492,
  author         = {Urrea, Claudio and Garrido, Felipe and Kern, John},
  title          = {Design and Implementation of Intelligent Agent Training Systems for Virtual Vehicles},
  journal        = {Sensors},
  volume         = {21},
  year           = {2021},
  number         = {2},
  article-number = {492},
  url            = {https://www.mdpi.com/1424-8220/21/2/492},
  pubmedid       = {33445582},
  issn           = {1424-8220},
  abstract       = {This paper presents the results of the design, simulation, and implementation of a virtual vehicle. Such a process employs the Unity videogame platform and its Machine Learning-Agents library. The virtual vehicle is implemented in Unity considering mechanisms that represent accurately the dynamics of a real automobile, such as motor torque curve, suspension system, differential, and anti-roll bar, among others. Intelligent agents are designed and implemented to drive the virtual automobile, and they are trained using imitation or reinforcement. In the former method, learning by imitation, a human expert interacts with an intelligent agent through a control interface that simulates a real vehicle; in this way, the human expert receives motion signals and has stereoscopic vision, among other capabilities. In learning by reinforcement, a reward function that stimulates the intelligent agent to exert a soft control over the virtual automobile is designed. In the training stage, the intelligent agents are introduced into a scenario that simulates a four-lane highway. In the test stage, instead, they are located in unknown roads created based on random spline curves. Finally, graphs of the telemetric variables are presented, which are obtained from the automobile dynamics when the vehicle is controlled by the intelligent agents and their human counterpart, both in the training and the test track.},
  doi            = {10.3390/s21020492}
}


@incollection{Pietriková23,
  author    = {Branislav Sobota and Emília Pietriková},
  title     = {The Role of Game Engines in Game Development and Teaching},
  booktitle = {Computer Science for Game Development and Game Development for Computer Science},
  publisher = {IntechOpen},
  address   = {Rijeka},
  year      = {2023},
  editor    = {Dr. Branislav Sobota and Dr. Emília Pietriková},
  chapter   = {5},
  doi       = {10.5772/intechopen.1002257},
  url       = {https://doi.org/10.5772/intechopen.1002257}
}

@manual{SAE2014,
  date-added    = {2014-01-16 00:00:00 +0000},
  date-modified = {2021-04-30 00:00:00 +0000},
  month         = {sep.},
  org-short     = {SAE},
  organization  = {SAE International},
  title         = {Taxonomy and Definitions for Terms Related to Driving Automation Systems for On-Road Motor Vehicles},
  url           = {https://www.sae.org/standards/content/j3016_202104/},
  year          = 2014
}

@manual{STEAMDB2023,
  date-added    = {2023-09-21 23:18:00 +0000},
  date-modified = {2023-09-21 23:18:00 +0000},
  month         = {sep.},
  org-short     = {SteamDB},
  organization  = {SteamDB},
  title         = {What are games built with and what technologies do they use?},
  url           = {https://steamdb.info/tech/},
  year          = 2023
}

@manual{ITCHIO2023,
  date-added    = {2023-09-21 23:13:00 +0000},
  date-modified = {2023-09-21 23:13:00 +0000},
  month         = {sep.},
  org-short     = {ITCH.IO},
  organization  = {ITCH.IO},
  title         = {Most used Engines},
  url           = {https://itch.io/game-development/engines/most-projects},
  year          = 2023
}

@article{Andrade2015,
  doi       = {10.4108/eai.5-11-2015.150615},
  url       = {https://doi.org/10.4108/eai.5-11-2015.150615},
  year      = {2015},
  month     = nov,
  publisher = {European Alliance for Innovation n.o.},
  volume    = {2},
  number    = {6},
  pages     = {150615},
  author    = {A. Andrade},
  title     = {Game engines: a survey},
  journal   = {{EAI} Endorsed Transactions on Game-Based Learning}
}

@article{Paden2016,
  doi       = {10.1109/tiv.2016.2578706},
  url       = {https://doi.org/10.1109/tiv.2016.2578706},
  year      = {2016},
  month     = mar,
  publisher = {Institute of Electrical and Electronics Engineers ({IEEE})},
  volume    = {1},
  number    = {1},
  pages     = {33--55},
  author    = {Brian Paden and Michal Cap and Sze Zheng Yong and Dmitry Yershov and Emilio Frazzoli},
  title     = {A Survey of Motion Planning and Control Techniques for Self-Driving Urban Vehicles},
  journal   = {{IEEE} Transactions on Intelligent Vehicles}
}

@article{Ni2020,
  doi       = {10.3390/app10082749},
  url       = {https://doi.org/10.3390/app10082749},
  year      = {2020},
  month     = apr,
  publisher = {{MDPI} {AG}},
  volume    = {10},
  number    = {8},
  pages     = {2749},
  author    = {Jianjun Ni and Yinan Chen and Yan Chen and Jinxiu Zhu and Deena Ali and Weidong Cao},
  title     = {A Survey on Theories and Applications for Self-Driving Cars Based on Deep Learning Methods},
  journal   = {Applied Sciences}
}

@book{Russell2009-dn,
  title     = {Artificial intelligence},
  author    = {Russell, Stuart and Norvig, Peter},
  publisher = {Pearson},
  edition   = 3,
  month     = dec,
  year      = 2009,
  address   = {Upper Saddle River, NJ},
  language  = {en}
}

@book{Kelleher2015-iw,
  title     = {Fundamentals of machine learning for predictive data analytics},
  author    = {Kelleher, John D and Namee, Brian Mac and D'Arcy, Aoife},
  publisher = {MIT Press},
  series    = {The MIT Press},
  month     = jul,
  year      = 2015,
  address   = {London, England},
  language  = {en}
}


@book{rl-sutton-barto,
  author     = {Richard S. Sutton and Andrew G. Barto},
  date-added = {2023-09-20 13:56:10 +0000},
  edition    = {2},
  publisher  = {MIT Press},
  title      = {Reinforcement Learning},
  year       = {2018}
}

@article{Hussain_Zeadally_2019,
  title   = {Autonomous cars: Research results, issues, and future challenges},
  volume  = {21},
  doi     = {10.1109/comst.2018.2869360},
  number  = {2},
  journal = {IEEE Communications Surveys &amp;amp; Tutorials},
  author  = {Hussain, Rasheed and Zeadally, Sherali},
  year    = {2019},
  pages   = {1275–1313}
} 

@book{ibge1993,
  address       = {Rio de Janeiro},
  author        = {IBGE},
  date-added    = {2013-08-21 13:56:10 +0000},
  date-modified = {2013-08-21 13:56:10 +0000},
  edition       = {3},
  organization  = {http://biblioteca.ibge.gov.br/visualizacao/livros/liv23907.pdf},
  publisher     = {Centro de Documenta{\c c}{\~a}o e Dissemina{\c c}{\~a}o de Informa{\c c}{\~o}es. Funda{\c c}{\~a}o Intituto Brasileiro de Geografia e Estat{\'\i}stica},
  title         = {Normas de apresenta{\c c}{\~a}o tabular},
  urlaccessdate = {21 ago 2013},
  year          = {1993}
}

@misc{abntex2-wiki-como-customizar,
  author        = {abnTeX2},
  date-added    = {2013-03-23 21:39:21 +0000},
  date-modified = {2013-03-23 21:44:20 +0000},
  howpublished  = {Wiki do abnTeX2},
  keywords      = {wiki},
  title         = {Como customizar o abnTeX2},
  url           = {https://code.google.com/p/abntex2/wiki/ComoCustomizar},
  urlaccessdate = {23 mar. 2013},
  year          = {2013},
  bdsk-url-1    = {https://code.google.com/p/abntex2/wiki/ComoCustomizar}
}

@manual{talbot2012,
  author        = {Nicola L.C. Talbot},
  date-added    = {2013-03-11 12:06:04 +0000},
  date-modified = {2013-03-11 12:06:56 +0000},
  month         = {Nov.},
  title         = {User Manual for glossaries.sty},
  url           = {http://mirrors.ctan.org/macros/latex/contrib/glossaries/glossaries-user.pdf},
  urlaccessdate = {11 mar. 2013},
  year          = {2012},
  bdsk-url-1    = {http://mirrors.ctan.org/macros/latex/contrib/glossaries/glossaries-user.pdf}
}

@manual{babel,
  author        = {Johannes Braams},
  date-added    = {2013-02-17 13:37:14 +0000},
  date-modified = {2013-02-17 13:38:38 +0000},
  month         = {Apr.},
  title         = {Babel, a multilingual package for use with LATEX's standard document classes},
  url           = {http://mirrors.ctan.org/info/babel/babel.pdf},
  urlaccessdate = {17 fev. 2013},
  year          = {2008},
  bdsk-url-1    = {http://mirrors.ctan.org/info/babel/babel.pdf}
}

@manual{abntex2modelo-artigo,
  annote        = {Este documento {\'e} derivado do \cite{abnt-bibtex-doc}},
  author        = {abnTeX2},
  date-added    = {2013-01-15 00:10:35 +0000},
  date-modified = {2013-02-04 12:05:47 +0000},
  organization  = {Equipe abnTeX2},
  title         = {Modelo Can{\^o}nico de Artigo Cient{\'\i}fico com abnTeX2},
  url           = {http://abntex2.googlecode.com/},
  year          = {2013},
  bdsk-url-1    = {http://code.google.com/p/abntex2/}
}

@manual{abntex2modelo-relatorio,
  annote        = {Este documento {\'e} derivado do \cite{abnt-bibtex-doc}},
  author        = {abnTeX2},
  date-added    = {2013-01-15 00:05:34 +0000},
  date-modified = {2013-02-04 12:05:50 +0000},
  organization  = {Equipe abnTeX2},
  title         = {Modelo Can{\^o}nico de Relat{\'o}rio T{\'e}cnico e/ou Cient{\'\i}fico com abnTeX2},
  url           = {http://abntex2.googlecode.com/},
  year          = {2013},
  bdsk-url-1    = {http://code.google.com/p/abntex2/}
}

@manual{abntex2modelo,
  annote        = {Este documento {\'e} derivado do \cite{abnt-bibtex-doc}},
  author        = {abnTeX2},
  date-added    = {2013-01-12 22:55:32 +0000},
  date-modified = {2013-02-04 12:05:54 +0000},
  organization  = {Equipe abnTeX2},
  title         = {Modelo Can{\^o}nico de Trabalho Acad{\^e}mico com abnTeX2},
  url           = {http://abntex2.googlecode.com/},
  year          = {2013},
  bdsk-url-1    = {http://code.google.com/p/abntex2/}
}

@mastersthesis{araujo2012,
  address       = {Bras{\'\i}lia},
  author        = {Lauro C{\'e}sar Araujo},
  date-added    = {2013-01-09 11:04:42 +0000},
  date-modified = {2013-01-09 11:04:42 +0000},
  month         = {mar.},
  school        = {Universidade de Bras{\'\i}lia},
  subtitle      = {uma perspectiva de {A}rquitetura da {I}nforma{\c c}{\~a}o da {E}scola de {B}ras{\'\i}lia},
  title         = {Configura{\c c}{\~a}o},
  year          = {2012}
}

@manual{memoir,
  address       = {Normandy Park, WA},
  author        = {Peter Wilson and Lars Madsen},
  date-added    = {2013-01-09 10:37:50 +0000},
  date-modified = {2013-03-21 13:23:25 +0000},
  organization  = {The Herries Press},
  title         = {The Memoir Class for Configurable Typesetting - User Guide},
  url           = {http://mirrors.ctan.org/macros/latex/contrib/memoir/memman.pdf},
  urlaccessdate = {19 dez. 2012},
  year          = {2010},
  bdsk-url-1    = {http://ctan.tche.br/macros/latex/contrib/memoir/memman.pdf}
}

@manual{abntex2cite-alf,
  annote        = {Este documento {\'e} derivado do \cite{abnt-bibtex-alf-doc}},
  author        = {abnTeX2 and Lauro C{\'e}sar Araujo},
  date-added    = {2013-01-09 10:37:45 +0000},
  date-modified = {2013-04-05 11:03:05 +0000},
  organization  = {Equipe abnTeX2},
  title         = {O pacote abntex2cite: t{\'o}picos espec{\'\i}ficos da ABNT NBR 10520:2002 e o estilo bibliogr{\'a}fico alfab{\'e}tico (sistema autor-data)},
  url           = {http://abntex2.googlecode.com/},
  year          = {2013},
  bdsk-url-1    = {http://code.google.com/p/abntex2/}
}

@manual{abntex2cite,
  annote        = {Este documento {\'e} derivado do \cite{abnt-bibtex-doc}},
  author        = {abnTeX2 and Lauro C{\'e}sar Araujo},
  date-added    = {2013-01-09 10:37:45 +0000},
  date-modified = {2013-04-05 10:47:36 +0000},
  organization  = {Equipe abnTeX2},
  title         = {O pacote abntex2cite: Estilos bibliogr{\'a}ficos compat{\'\i}veis com a ABNT NBR 6023},
  url           = {http://abntex2.googlecode.com/},
  year          = {2013},
  bdsk-url-1    = {http://code.google.com/p/abntex2/}
}

@manual{abntex2classe,
  author        = {abnTeX2 and Lauro C{\'e}sar Araujo},
  date-added    = {2013-01-09 10:37:38 +0000},
  date-modified = {2013-04-05 11:03:48 +0000},
  organization  = {Equipe abnTeX2},
  title         = {A classe abntex2: Modelo can{\^o}nico de trabalhos acad{\^e}micos brasileiros compat{\'\i}vel com as normas ABNT NBR 14724:2011, ABNT NBR 6024:2012 e outras},
  url           = {http://abntex2.googlecode.com/},
  year          = {2013},
  bdsk-url-1    = {http://code.google.com/p/abntex2/}
}

@manual{NBR10520:2002,
  address       = {Rio de Janeiro},
  date-added    = {2012-12-15 21:43:38 +0000},
  date-modified = {2013-01-12 22:17:20 +0000},
  month         = {ago.},
  org-short     = {ABNT},
  organization  = {Associa{\c c}\~ao Brasileira de Normas T\'ecnicas},
  pages         = 7,
  subtitle      = {Informa{\c c}\~ao e documenta{\c c}\~ao --- Apresenta{\c c}\~ao de cita{\c c}\~oes em documentos},
  title         = {{NBR} 10520},
  year          = 2002
}

@manual{NBR6024:2012,
  address       = {Rio de Janeiro},
  date-added    = {2012-12-15 21:24:06 +0000},
  date-modified = {2012-12-15 21:24:28 +0000},
  month         = {fev.},
  org-short     = {ABNT},
  organization  = {Associa{\c c}\~ao Brasileira de Normas T\'ecnicas},
  pages         = 4,
  subtitle      = {Numera{\c c}\~ao progressiva das se{\c c}\~oes de um documento},
  title         = {{NBR} 6024},
  year          = 2012
}

@manual{NBR6028:2003,
  address       = {Rio de Janeiro},
  date-added    = {2012-12-15 21:02:12 +0000},
  date-modified = {2012-12-15 21:02:50 +0000},
  month         = {nov.},
  org-short     = {ABNT},
  organization  = {Associa{\c c}\~ao Brasileira de Normas T\'ecnicas},
  pages         = 2,
  subtitle      = {Resumo - Apresenta{\c c}{\~a}o},
  title         = {{NBR} 6028},
  year          = 2003
}

@manual{NBR14724:2001,
  address       = {Rio de Janeiro},
  date-added    = {2012-12-15 20:34:08 +0000},
  date-modified = {2012-12-15 20:34:08 +0000},
  month         = {jul.},
  org-short     = {ABNT},
  organization  = {Associa{\c c}\~ao Brasileira de Normas T\'ecnicas},
  pages         = 6,
  subtitle      = {Informa{\c c}\~ao e documenta{\c c}\~ao --- trabalhos acad\^emicos --- apresenta{\c c}\~ao},
  title         = {{NBR} 14724},
  year          = 2001
}

@manual{NBR14724:2002,
  address       = {Rio de Janeiro},
  date-added    = {2012-12-15 20:34:17 +0000},
  date-modified = {2012-12-15 20:34:17 +0000},
  month         = {ago.},
  org-short     = {ABNT},
  organization  = {Associa{\c c}\~ao Brasileira de Normas T\'ecnicas},
  pages         = 6,
  subtitle      = {Informa{\c c}\~ao e documenta{\c c}\~ao --- trabalhos acad\^emicos --- apresenta{\c c}\~ao},
  title         = {{NBR} 14724},
  year          = 2002
}

@manual{NBR14724:2005,
  address       = {Rio de Janeiro},
  date-added    = {2012-12-15 20:34:08 +0000},
  date-modified = {2012-12-15 20:35:25 +0000},
  month         = {dez.},
  org-short     = {ABNT},
  organization  = {Associa{\c c}\~ao Brasileira de Normas T\'ecnicas},
  pages         = 9,
  subtitle      = {Informa{\c c}\~ao e documenta{\c c}\~ao --- trabalhos acad\^emicos --- apresenta{\c c}\~ao},
  title         = {{NBR} 14724},
  year          = 2005
}

@manual{NBR14724:2011,
  address       = {Rio de Janeiro},
  date-added    = {2012-12-15 20:34:08 +0000},
  date-modified = {2012-12-15 20:35:25 +0000},
  month         = {mar.},
  note          = {Substitui a Ref.~\citeonline{NBR14724:2005}},
  org-short     = {ABNT},
  organization  = {Associa{\c c}\~ao Brasileira de Normas T\'ecnicas},
  pages         = 15,
  subtitle      = {Informa{\c c}\~ao e documenta{\c c}\~ao --- trabalhos acad\^emicos --- apresenta{\c c}\~ao},
  title         = {{NBR} 14724},
  year          = 2011
}

@article{van86,
  author  = {{van}, Gigch, John P. and Leo L. Pipino},
  journal = {Future Computing Systems},
  number  = {1},
  pages   = {71-97},
  title   = {In search for a paradigm for the discipline of information systems},
  volume  = {1},
  year    = {1986}
}

@phdthesis{guizzardi2005,
  address       = {Enschede, The Netherlands},
  author        = {Giancarlo Guizzardi},
  date-added    = {2012-04-23 11:35:28 +0000},
  date-modified = {2012-04-23 11:35:28 +0000},
  school        = {Centre for Telematics and Information Technology, University of Twente},
  title         = {Ontological Foundations for Structural Conceptual Models},
  url           = {http://www.loa.istc.cnr.it/Guizzardi/SELMAS-CR.pdf},
  urlaccessdate = {3 jul. 2011},
  year          = {2005},
  bdsk-url-1    = {http://www.loa.istc.cnr.it/Guizzardi/SELMAS-CR.pdf}
}

@mastersthesis{macedo2005,
  author        = {Fl{\'a}via L. Macedo},
  date-added    = {2012-04-23 11:35:13 +0000},
  date-modified = {2012-04-23 11:35:13 +0000},
  keywords      = {arquitetura da informa{\c c}{\~a}o},
  school        = {Universidade de Bras{\'\i}lia},
  title         = {Arquitetura da Informa{\c c}{\~a}o: aspectos espistemol{\'o}gicos, cient{\'\i}ficos e pr{\'a}ticos.},
  type          = {Disserta{\c c}{\~a}o de Mestrado},
  year          = {2005}
}

@manual{EIA649B,
  address       = {EUA},
  date-added    = {2012-04-23 11:34:59 +0000},
  date-modified = {2012-04-23 11:34:59 +0000},
  keywords      = {norma},
  month         = {June},
  organization  = {TechAmerica},
  title         = {ANSI/EIA 649-B: Configuration Management Standard},
  year          = {2011}
}

@inproceedings{masolo2010,
  author        = {Claudio Masolo},
  booktitle     = {Proceedings of the Twelfth International Conference on the Principles of Knowledge Representation and Reasoning (KR 2010)},
  date-added    = {2012-04-23 11:34:38 +0000},
  date-modified = {2012-04-23 11:34:38 +0000},
  editor        = {Lin, F. and Sattler, U.},
  pages         = {258-268},
  publisher     = {AAAI Press},
  title         = {Understanding Ontological Levels},
  url           = {http://wiki.loa-cnr.it/Papers/kr10v0.7.pdf},
  urlaccessdate = {2 jan. 2012},
  year          = {2010},
  bdsk-url-1    = {http://wiki.loa-cnr.it/Papers/kr10v0.7.pdf}
}

@inbook{guarino1995,
  address       = {Vienna},
  author        = {Nicola Guarino},
  booktitle     = {Philosophy and the Cognitive Science},
  date-added    = {2012-04-23 11:34:29 +0000},
  date-modified = {2012-04-23 11:34:29 +0000},
  editor        = {R. Casati and B. Smith and G. White},
  month         = {Sept.},
  pages         = {443-456},
  publisher     = {Holder-Pivhler-Tempsky},
  title         = {The Ontological Level},
  url           = {http://wiki.loa-cnr.it/Papers/OntLev.pdf},
  urlaccessdate = {2 jan. 2012},
  year          = {1995},
  bdsk-url-1    = {http://wiki.loa-cnr.it/Papers/OntLev.pdf}
}

@incollection{bates2010,
  address       = {New York},
  author        = {Marcia J. Bates},
  booktitle     = {Encyclopedia of Library and Information Sciences},
  date-added    = {2012-04-23 11:34:29 +0000},
  date-modified = {2012-04-23 11:34:29 +0000},
  edition       = {3rd},
  editor        = {Marcia J. Bates and Mary Niles Maack},
  pages         = {2347-2360},
  publisher     = {CRC Press},
  title         = {Information},
  url           = {http://pages.gseis.ucla.edu/faculty/bates/articles/information.html},
  urlaccessdate = {24 out. 2011},
  volume        = {3},
  year          = {2010},
  bdsk-url-1    = {http://pages.gseis.ucla.edu/faculty/bates/articles/information.html}
}

@book{doxiadis1965,
  author        = {Constantinos A. Doxiadis},
  date-added    = {2012-04-23 11:34:20 +0000},
  date-modified = {2012-04-23 11:34:20 +0000},
  publisher     = {Ceira - Coimbra},
  title         = {Arquitetura em Transi{\c c}{\~a}o},
  year          = {1965}
}

@book{dewey1980,
  address       = {New York, NY, USA},
  author        = {John Dewey},
  date-added    = {2012-04-23 11:34:16 +0000},
  date-modified = {2012-04-23 11:34:16 +0000},
  publisher     = {Perigee Books},
  title         = {Art as Experience},
  year          = {1980}
}
